<?xml version="1.0" encoding="UTF-8"?>
<zs:searchRetrieveResponse xmlns:zs="http://www.loc.gov/zing/srw/">
  <zs:version>1.1</zs:version>
  <zs:numberOfRecords>5</zs:numberOfRecords>
  <zs:records>
    <zs:record>
      <zs:recordSchema/>
      <zs:recordPacking>xml</zs:recordPacking>
      <zs:recordData>
        <record xmlns="http://www.loc.gov/MARC21/slim">
          <leader>01619cam a22003854a 4500</leader>
          <controlfield tag="001">14606971</controlfield>
          <controlfield tag="005">20070720115027.0</controlfield>
          <controlfield tag="008">061023s2007    sz a     b    001 0 eng  </controlfield>
          <datafield tag="906" ind1=" " ind2=" ">
            <subfield code="a">7</subfield>
            <subfield code="b">cbc</subfield>
            <subfield code="c">orignew</subfield>
            <subfield code="d">1</subfield>
            <subfield code="e">ecip</subfield>
            <subfield code="f">20</subfield>
            <subfield code="g">y-gencatlg</subfield>
          </datafield>
          <datafield tag="925" ind1="0" ind2=" ">
            <subfield code="a">acquire</subfield>
            <subfield code="b">2 shelf copies</subfield>
            <subfield code="x">policy default</subfield>
          </datafield>
          <datafield tag="955" ind1=" " ind2=" ">
            <subfield code="a">jc02 2006-10-24</subfield>
            <subfield code="d">jc02 2006-10-24</subfield>
            <subfield code="e">jc02 2006-10-24 to Dewey</subfield>
            <subfield code="a">aa27 2006-10-24</subfield>
            <subfield code="a">ps13 2007-05-22 1 copy rec'd., to CIP ver.</subfield>
            <subfield code="f">sc02 2007-07-20 Z-CipVer</subfield>
            <subfield code="g">sc02 2007-07-20 to BCCD</subfield>
          </datafield>
          <datafield tag="010" ind1=" " ind2=" ">
            <subfield code="a">  2006035387</subfield>
          </datafield>
          <datafield tag="016" ind1="7" ind2=" ">
            <subfield code="a">101290506</subfield>
            <subfield code="2">DNLM</subfield>
          </datafield>
          <datafield tag="020" ind1=" " ind2=" ">
            <subfield code="a">9783805582186 (hard cover : alk. paper)</subfield>
          </datafield>
          <datafield tag="020" ind1=" " ind2=" ">
            <subfield code="a">3805582188 (hard cover : alk. paper)</subfield>
          </datafield>
          <datafield tag="035" ind1=" " ind2=" ">
            <subfield code="a">(OCoLC)ocm74460042</subfield>
          </datafield>
          <datafield tag="035" ind1=" " ind2=" ">
            <subfield code="a">(OCoLC)74460042</subfield>
          </datafield>
          <datafield tag="040" ind1=" " ind2=" ">
            <subfield code="a">DNLM/DLC</subfield>
            <subfield code="c">DLC</subfield>
            <subfield code="d">BAKER</subfield>
            <subfield code="d">BTCTA</subfield>
            <subfield code="d">OHX</subfield>
            <subfield code="d">NLM</subfield>
            <subfield code="d">C#P</subfield>
            <subfield code="d">YDXCP</subfield>
            <subfield code="d">DLC</subfield>
          </datafield>
          <datafield tag="042" ind1=" " ind2=" ">
            <subfield code="a">pcc</subfield>
          </datafield>
          <datafield tag="050" ind1="0" ind2="0">
            <subfield code="a">RL241</subfield>
            <subfield code="b">.S55 2007</subfield>
          </datafield>
          <datafield tag="060" ind1="0" ind2="0">
            <subfield code="a">W1</subfield>
            <subfield code="b">CU804L v.34 2007</subfield>
          </datafield>
          <datafield tag="060" ind1="1" ind2="0">
            <subfield code="a">WR 140</subfield>
            <subfield code="b">S6285 2007</subfield>
          </datafield>
          <datafield tag="082" ind1="0" ind2="0">
            <subfield code="a">616.5</subfield>
            <subfield code="2">22</subfield>
          </datafield>
          <datafield tag="245" ind1="0" ind2="0">
            <subfield code="a">Skin protection :</subfield>
            <subfield code="b">practical applications in the occupational setting /</subfield>
            <subfield code="c">volume editors, S. Schliemann, P. Elsner.</subfield>
          </datafield>
          <datafield tag="260" ind1=" " ind2=" ">
            <subfield code="a">Basel ;</subfield>
            <subfield code="a">New York :</subfield>
            <subfield code="b">Karger,</subfield>
            <subfield code="c">2007.</subfield>
          </datafield>
          <datafield tag="300" ind1=" " ind2=" ">
            <subfield code="a">vii, 182 p. :</subfield>
            <subfield code="b">ill. ;</subfield>
            <subfield code="c">25 cm.</subfield>
          </datafield>
          <datafield tag="440" ind1=" " ind2="0">
            <subfield code="a">Current problems in dermatology,</subfield>
            <subfield code="x">1421-5721 ;</subfield>
            <subfield code="v">v. 34</subfield>
          </datafield>
          <datafield tag="504" ind1=" " ind2=" ">
            <subfield code="a">Includes bibliographical references and indexes.</subfield>
          </datafield>
          <datafield tag="650" ind1=" " ind2="0">
            <subfield code="a">Occupational dermatitis.</subfield>
          </datafield>
          <datafield tag="650" ind1=" " ind2="0">
            <subfield code="a">Skin</subfield>
            <subfield code="x">Safety measures.</subfield>
          </datafield>
          <datafield tag="650" ind1="1" ind2="2">
            <subfield code="a">Skin Diseases</subfield>
            <subfield code="x">prevention &amp; control.</subfield>
          </datafield>
          <datafield tag="650" ind1="2" ind2="2">
            <subfield code="a">Occupational Exposure</subfield>
            <subfield code="x">prevention &amp; control.</subfield>
          </datafield>
          <datafield tag="700" ind1="1" ind2=" ">
            <subfield code="a">Schliemann, S.</subfield>
            <subfield code="q">(Sybille)</subfield>
          </datafield>
          <datafield tag="700" ind1="1" ind2=" ">
            <subfield code="a">Elsner, Peter,</subfield>
            <subfield code="d">1955-</subfield>
          </datafield>
          <datafield tag="856" ind1="4" ind2="1">
            <subfield code="3">Table of contents only</subfield>
            <subfield code="u">http://www.loc.gov/catdir/toc/ecip073/2006035387.html</subfield>
          </datafield>
        </record>
      </zs:recordData>
      <zs:recordPosition>1</zs:recordPosition>
    </zs:record>